 @inproceedings{2008:Efrat,
 author = {Efrat, Alon and Fekete, S\'{a}ndor P. and Gaddehosur, Poornananda R. and Mitchell, Joseph S. and Polishchuk, Valentin and Suomela, Jukka},
 title = {Improved Approximation Algorithms for Relay Placement},
 booktitle = {Proceedings of the 16th annual European symposium on Algorithms},
 series = {ESA '08},
 year = {2008},
 isbn = {978-3-540-87743-1},
 location = {Karlsruhe, Germany},
 pages = {356--367},
 numpages = {12},
 url = {http://dx.doi.org/10.1007/978-3-540-87744-8_30},
 doi = {10.1007/978-3-540-87744-8_30},
 acmid = {1431040},
 publisher = {Springer-Verlag},
 address = {Berlin, Heidelberg}
} 

@ARTICLE{2007:Lloyd, 
author={Lloyd, E.L. and Guoliang Xue}, 
journal={Computers, IEEE Transactions on}, title={Relay Node Placement in Wireless Sensor Networks}, 
year={2007}, 
volume={56}, 
number={1}, 
pages={134-138}, 
doi={10.1109/TC.2007.250629}, 
ISSN={0018-9340},}

@article{2008:Cheng,
 author = {Cheng, Xiuzhen and Du, Ding-Zhu and Wang, Lusheng and Xu, Baogang},
 title = {Relay sensor placement in wireless sensor networks},
 journal = {Wirel. Netw.},
 issue_date = {June 2008},
 volume = {14},
 number = {3},
 month = jun,
 year = {2008},
 issn = {1022-0038},
 pages = {347--355},
 url = {http://dx.doi.org/10.1007/s11276-006-0724-8},
 doi = {10.1007/s11276-006-0724-8},
 publisher = {Kluwer Academic Publishers},
 address = {Hingham, MA, USA}
} 

@article{2008:Younis,
 author = {Younis, Mohamed and Akkaya, Kemal},
 title = {Strategies and techniques for node placement in wireless sensor networks: A survey},
 journal = {Ad Hoc Netw.},
 issue_date = {June, 2008},
 volume = {6},
 number = {4},
 month = jun,
 year = {2008},
 issn = {1570-8705},
 pages = {621--655},
 numpages = {35},
 url = {http://dx.doi.org/10.1016/j.adhoc.2007.05.003},
 doi = {10.1016/j.adhoc.2007.05.003},
 acmid = {1346629},
 publisher = {Elsevier Science Publishers B. V.},
 address = {Amsterdam, The Netherlands, The Netherlands},
 keywords = {Node placement, Node relocation, Positioning, Wireless sensor networks}
}
@inproceedings{2009:Cornejo,
 author = {Cornejo, Alejandro and Kuhn, Fabian and Ley-Wild, Ruy and Lynch, Nancy},
 title = {Keeping mobile robot swarms connected},
 booktitle = {Proceedings of the 23rd international conference on Distributed computing},
 series = {DISC'09},
 year = {2009},
 isbn = {3-642-04354-2, 978-3-642-04354-3},
 location = {Elche, Spain},
 pages = {496--511},
 numpages = {16},
 url = {http://dl.acm.org/citation.cfm?id=1813164.1813227},
 acmid = {1813227},
 publisher = {Springer-Verlag},
 address = {Berlin, Heidelberg}
} 

@article{2010:Tekdas,
 author = {Tekdas, Onur and Wei Yang and Isler, Volkan},
 title = {Robotic Routers: Algorithms and Implementation},
 journal = {Int. J. Rob. Res.},
 issue_date = {January   2010},
 volume = {29},
 number = {1},
 month = jan,
 year = {2010},
 issn = {0278-3649},
 pages = {110--126},
 numpages = {17},
 url = {http://dx.doi.org/10.1177/0278364909105053},
 doi = {10.1177/0278364909105053},
 acmid = {1704801},
 publisher = {Sage Publications, Inc.},
 address = {Thousand Oaks, CA, USA},
 keywords = {controlled mobility, networked robotics, path planning for multiple mobile robots}
}  

@INPROCEEDINGS{2010:Olsson, 
author={Olsson, P. and Kvarnstrom, J. and Doherty, P. and Burdakov, O. and Holmberg, K.}, 
booktitle={Control Automation Robotics Vision (ICARCV), 2010 11th International Conference on}, title={Generating UAV communication networks for monitoring and surveillance}, 
year={2010}, 
month={dec.}, 
pages={1070 -1077}, 
doi={10.1109/ICARCV.2010.5707968}
}

@INPROCEEDINGS{2011:Zhang, 
 author={Ying Zhang and Quilling, M.}, 
 booktitle={Computer Communications and Networks (ICCCN), 2011 Proceedings of 20th International Conference on}, 
 title={Optimal Backbone Generation for Robotic Relay Networks}, 
 year={2011}, 
 month={31 2011-aug. 4}, 
 volume={}, 
 number={}, 
 pages={1 -6}, 
 doi={10.1109/ICCCN.2011.6005922}, 
 ISSN={1095-2055},}
 
 @article{1999:Lin,
author = {Guo-Hui Lin and Guoliang Xue},
title = {Steiner tree problem with minimum number of Steiner points and bounded edge-length },
journal = {Information Processing Letters },
volume = {69},
number = {2},
pages = {53 - 57},
year = {1999},
note = {},
issn = {0020-0190},
doi = {10.1016/S0020-0190(98)00201-4},
url = {http://www.sciencedirect.com/science/article/pii/S0020019098002014}
}
@article{2000:Chen,
 author = {Chen, Donghui and Du, Ding-Zhu and Hu, Xiao-Dong and Lin, Guo-Hui and Wang, Lusheng and Xue, Guoliang},
 title = {Approximations for Steiner Trees with Minimum Number of Steiner Points},
 journal = {J. of Global Optimization},
 issue_date = {September 2000},
 volume = {18},
 number = {1},
 month = {sep},
 year = {2000},
 issn = {0925-5001},
 pages = {17--33},
 numpages = {17},
 url = {http://dx.doi.org/10.1023/A:1008384012064},
 doi = {10.1023/A:1008384012064},
 acmid = {596303},
 publisher = {Kluwer Academic Publishers},
 address = {Hingham, MA, USA},
 keywords = {Approximation algorithms, Steiner trees, VLSI design, WDM optical networks}
} 

@incollection{2001:Du,
year={2001},
isbn={978-3-540-42494-9},
booktitle={Computing and Combinatorics},
volume={2108},
series={Lecture Notes in Computer Science},
editor={Wang, Jie},
doi={10.1007/3-540-44679-6_57},
title={The Euclidean Bottleneck Steiner Tree and Steiner Tree with Minimum Number of Steiner Points},
url={http://dx.doi.org/10.1007/3-540-44679-6_57},
publisher={Springer Berlin Heidelberg},
author={Du, Dingzhu and Wang, Lusheng and Xu, Baogang},
pages={509-518}
}

@article{1977:Garey,
    author = {Garey, M. R. and Graham, R. L. and Johnson, D. S.},
    issn = {00361399},
    journal = {SIAM Journal on Applied Mathematics},
    number = {4},
    pages = {835--859},
    posted-at = {2012-03-29 04:00:55},
    priority = {2},
    publisher = {Society for Industrial and Applied Mathematics},
    title = {{The Complexity of Computing Steiner Minimal Trees}},
    url = {http://www.jstor.org/stable/2100193},
    volume = {32},
    year = {1977}
}
 
 
 
 @INPROCEEDINGS{2012:Gil,
author={Gil, S. and Feldman, D. and Rus, D.},
booktitle={Intelligent Robots and Systems (IROS), 2012 IEEE/RSJ International Conference on}, title={Communication coverage for independently moving robots},
year={2012},
pages={4865-4872},
keywords={mobile robots;sensors;bounded control effort;communication coverage;expiration time window;independently moving robots;optimal router vehicle locations;router-router communication;sensing robots;sensor-router communication;Algorithm design and analysis;Approximation algorithms;Approximation methods;Mobile communication;Sensor systems;Vehicles},
doi={10.1109/IROS.2012.6386226},
ISSN={2153-0858},}

@article{2012:Schuresko,
  author    = {Michael Schuresko and Jorge Cort{\'e}s},
  title     = {Distributed Tree Rearrangements for Reachability and Robust Connectivity},
  journal   = {SIAM J. Control and Optimization},
  volume    = {50},
  number    = {5},
  year      = {2012},
  pages     = {2588-2620},
  doi        = {http://dx.doi.org/10.1137/090753243}
}

@INPROCEEDINGS{2012:Sun,
author={Peng Sun and Jianshe Ma and Kai Ni},
booktitle={Computational Intelligence for Measurement Systems and Applications (CIMSA), 2012 IEEE International Conference on}, title={A genetic simulated annealing hybrid algorithm for relay nodes deployment optimization in industrial wireless sensor networks},
year={2012},
pages={24-28},
doi={10.1109/CIMSA.2012.6269598},
ISSN={2159-1547},}

@INPROCEEDINGS{2012:Senel, 
 author={Senel, F. and Younis, M.}, 
 booktitle={Global Communications Conference (GLOBECOM), 2012 IEEE}, 
 title={Optimized relay node placement for establishing connectivity in sensor networks}, 
 year={2012}, 
 pages={512-517}, 
 keywords={computational complexity;optimisation;wireless sensor networks;Delaunay triangulation;NP hard;Steiner points;Steiner tree problem;bounded edge length problem;connected topology;connectivity;data latency reduction;incremental optimization;minimum spanning tree;multihop communication path;network life time;optimized relay node placement heuristics;time complexity;wireless sensor networks;Network connectivity;Node placement;Topology management;Wireless Sensor Networks}, 
 doi={10.1109/GLOCOM.2012.6503164}, 
 ISSN={1930-529X},}
 
@article{2012:Abbas,
  author = {Ahmad Abbas and Mohamed Younis},
  title = {Interconnecting disjoint network segments using a mix of stationary and mobile nodes},
  journal ={37th Annual IEEE Conference on Local Computer Networks},
  volume = {0},
  issn = {0742-1303},
  year = {2012},
  pages = {28-35},
  doi = {http://doi.ieeecomputersociety.org/10.1109/LCN.2012.6423631},
  publisher = {IEEE Computer Society},
  address = {Los Alamitos, CA, USA}
  }
  
@inproceedings{2003:Furukawa, 
author={Tomonari Furukawa and Hugh F. Durrant-Whyte and Frédéric Bourgault and Gamini Dissanayake}, 
title = {Time-optimal coordinated control of the relative formation of multiple vehicles},
journal={Proceedings the 2003 IEEE International Symposium on Computational Intelligence in Robotics and Automation},
year={2003},
pages={259-264},
publisher = {IEEE Computer Society},
address = {Kobe, Japan}
}

 @inproceedings{2013:Duan,
 author = {Haibin Duan and Qinan Luo and Guanjun Ma and Yuhui Shi},
 title = {Hybrid Particle Swarm Optimization and Genetic Algorithm for Multi-UAV Formation Reconfiguration},
 year = {2013},
 pages = {16-27},
 doi={10.1109/MCL.2013.2264577},
 journal={IEE Computational Intelligenci Magazine},
 address = {Beijing, China}
} 

@ARTICLE{2008:Duan, 
author={Hai-bin Duan and Guan-jun Ma and De-lin Luo}, 
title = {Optimal Formation Reconfiguration Control of Multiple UCAVs Using Improved Particle Swarm Optimization},
journal={Journal of Bionic Engineering 5},
year={2008},
pages={340-347},
publisher = {Elsevier Limited and Science Press},
address = {Beijing, China}
}

@ARTICLE{1992:John, 
author={John Holland}, 
title = {Genetic algorithms},
journal={Scientific American},
year={1992},
pages={66-72}
}

@ARTICLE{1997:Felter, 
author={S. C. Felter and N. E. Wu }, 
title = {A relative navigation system for formation flight},
journal={IEEE Transactions on Aerospace and Electronic Systems},
year={1997},
pages={958-967},
publisher = {IEEE Aerospace & Electronic Systems Society},
doi={10.1109/7.599319},
volume = {33},
issn = {0018-9251},
address = {Owego, NY, USA}
}

@ARTICLE{2012:Nigam,
author={N. Nigam and S. Bieniawski and I. Kroo and J. Vian}, 
title = {Control of Multiple UAVs for Persistent Survaillance: Algorithm and Flight Test Results},
journal={IEEE Transactions on Control Systems Technology},
year={2012},
pages={1236-1251},
publisher = {IEEE Control Systems Society},
doi={10.1109/TCST.2011.2167331},
volume = {20},
issn = {1063-6536},
address = {Owego, NY, USA}
}

@inproceedings{2008:Pessin,
author={Gustavo Pessin and Fernando Osório and Soraia Musse}, 
title = {Simulação Virtual da Evolução de Estratégias e do Controle Inteligente em Sistemas Multi-Robóticos},
journal={Proceedings of the X Symposium on Virtual Reality},
year={2008},
pages={337-347},
publisher = {Brazilian Computer Society},
address = {João Pessoa, PB - Brazil}
}

@mastersthesis{2006:Osagie,
author={Peter Osagie}, 
title = {Distributed Control for Networked 
Autonomous Vehicles},
year={2006},
school={School of Computer Science and Engineering Royal Institute of Technology},
address={Stockholm, Sweden}
}

@book{1996:Mitchell,
author={Melanie Mitchell}, 
title = {An Introduction to Genetic Algorithms},
publisher ={The MIT Press},
year={1996},
address = {Cambridge, MA - USA}
}

@book{2003:Rezende,
author={Solange Oliveira Rezende}, 
title = {Sistemas inteligentes: Fundamentos e aplicações},
publisher ={Editora Manole Ltda},
year={2003},
pages ={225-248}
}

@inproceedings{1995:Kennedy,
author={James Kennedy and Russell Eberhart}, 
title = {Particle Swarm Optimization},
year={1995},
pages={1942-1948},
publisher = {IEEE International Conference on Neural Networks},
address = {Perth, Austrália}
}

@article{1998:Kennedy,
author={James Kennedy}, 
title = {Thinking is social: Experiments with the adaptive culture model},
year={1998},
pages={56-76},
journal = {Journal of Conflict Resolution},
}

@articles{1996:Dorigo,
author={Marco Dorigo and Luca Maria Gambardella}, 
title = {Ant Colony System: A Cooperative Learning Approach to the Traveling Salesman Problem},
year={1997},
publisher = {IEEE Transactions on Evolutionary Computation},
address = {Bruxelles, Belgium}
}

@inproceedings{1995:Eberhart,
author={Russell Eberhart and James Kennedy}, 
title = {A New Optimizer Using Particle Swarm Theory},
year={1995},
pages={39-43},
publisher = {Proceedings of the Sixth International Symposium Micro Machine and Human Science},
doi = {10.1109/MHS.1995.494215},
address = {Nagoya, Japan}
}

@book{2005:Goldschmidt,
author={Ronaldo Goldschmidt and Emmanuel Passos}, 
title = {Data Mining: um Guia Prático},
publisher ={Editora Campus Elsevier},
year={2005}
}
